Арифметические и логические основы вычислительной техники : учеб. пособие / Ю. А. Луцик, И. В. Лукьянова. – Минск : БГУИР, 2014. – 174 с. : ил.
@book{lucik,
    author = "Ю. А. Луцик and И. В. Лукьянова",
    title = "Арифметические и логические основы вычислительной техники",
    year = 2014,
    address = "Минск",
    publisher = "БГУИР",
    pages = "174",
    language = "russian"
}

Поспелов Д.А. Логические методы анализа и синтеза схем. Изд. 3-е, перераб. и доп. – М.: Энергия, 1974. – 368 с.
@book{koeff,
    author = "Д. А. Поспелов",
    title = "Логические методы анализа и синтеза схем",
    year = 1974,
    address = "М.",
    publisher = "Энергия",
    pages = "368",
    language = "russian"
}


Арифметические и логические основы вычислительной техники : учеб. пособие / Н. А. Искра,  И. В. Лукьянова, Ю. А. Луцик. – Минск : БГУИР, 2016. – 75 с. : ил.
@book{Iskra,
    author = "Н. А. Искра and И. В. Лукьянова and Ю. А. Луцик.",
    title = "Арифметические и логические основы вычислительной техники",
    year = 2016,
    address = "Минск",
    publisher = "БГУИР",
    pages = "75",
    language = "russian"
}
Арифметические и логические основы цифровых устройств. Лекции для студентов ЭВС // БГУИР. Автор: Демидович Г.Н. - 2023 г. - 517 с.
@book{demid,
    author = "Г. Н. Демидович",
    title = "Арифметические и логические основы цифровых устройств. Лекции для студентов ЭВС",
    year = 2023,
    address = "Минск",
    publisher = "БГУИР",
    pages = "517",
    language = "russian"
}
@Misc{logisim,
    title = "CIS 221: Logisim-Evolution Labs [Электронный ресурс]",
    note = "Режим доступа : \url{https://www.youtube.com/watch?v=NAITQqdOw7c&list=PLvjlcTfwDj4spSN4g3S8IHbqY4Qkb5LxP&pp=iAQB}",
    year = 2018,
    language = "english"
}